@url{Qemu-kvm,
	Date-Added = {2017-10-09 02:22:27 +0000},
	Date-Modified = {2017-10-09 02:23:21 +0000},
	Title = {qemu-kvm(1) - Linux man page},
	Url = {https://linux.die.net/man/1/qemu-kvm}}
